@incollection{frankl1995,
  author    = {P. Frankl},
  title     = {Extremal set systems},
  booktitle = {Handbook of Combinatorics},
  volume    = {2},
  pages     = {1293--1329},
  year      = {1995},
}

@misc{moghaddasmehr2023,
  author    = {M. J. Moghaddas Mehr},
  title     = {A note on the union-closed sets conjecture},
  howpublished = {arXiv},
  eprint    = {2309.01704},
  archivePrefix = {arXiv},
  primaryClass = {math.CO},
  year      = {2023},
  doi       = {10.48550/arXiv.2309.01704},
  url       = {https://doi.org/10.48550/arXiv.2309.01704},
}

